@article{Lee2009a,
author = {Lee, Geun},
journal = {The Korean Journal of Defense Analysis},
number = {2},
pages = {205--218},
title = {{A Theory of Soft Power and Korea's Soft Power Strategy}},
volume = {21},
year = {2009}
}